2808 4866
274 219 382 312 81,

278 419 439 500 cessisse,
468 408 633 508 hydrope
652 409 855 482 confectum
882 409 950 502 (ib.
969 411 1061 506 27);
1086 412 1171 509 quin
1186 413 1262 508 ipsa
1285 415 1363 485 eius

277 534 387 608 rerba
416 539 469 629 (v.
486 535 529 608 fr.
548 539 614 630 la)
639 531 911 626 demonstrant,
930 559 1038 632 quarn
1063 531 1155 606 bene
1181 538 1363 634 cognitum

224 745 233 762 Ι
278 657 440 730 habuerit
457 659 575 730 morbi
591 673 763 730 naturam.
814 661 958 754 Itaque,
984 674 1019 730 ut
1036 659 1242 753 Dionysiam
1259 661 1365 730 Stoi-

278 805 357 854 cum
375 797 514 852 narrant
533 803 613 851 curn
635 803 674 850 ex
698 777 836 850 renibus
860 775 1039 850 laboraret
1064 781 1143 875 ipso
1169 784 1204 852 in
1227 781 1365 854 eiulatu

245 897 248 904 ’
278 903 475 976 clamitasse
505 901 594 974 salsa
621 923 701 974 esse*
720 899 780 970 illa
807 924 899 998 quae
925 891 1024 974 antea
1053 899 1098 972 de
1120 900 1253 977 ¹dolore
1280 905 1365 1004 ipse

141 1072 146 1080 ·
278 1028 439 1126 sensisset
463 1026 672 1119 (CicTuac.
694 1017 911 1119 11,25)‚,ita
935 1025 1141 1098 Crantorem
1164 1041 1271 1126 puto,
1297 1030 1366 1099 nisi

138 1153 142 1162 '
172 1213 175 1217 .
279 1149 326 1220 ab
341 1151 436 1221 initio
454 1151 501 1220 ita
517 1148 679 1236 senserit,
704 1164 841 1221 mature
862 1146 990 1218 morbo
1011 1145 1176 1219 edoctum
1196 1128 1273 1222 esse
1292 1156 1363 1237 τὴν

279 1276 470 1348 ἀπάθειαν
493 1269 558 1357 ἔξω
582 1266 643 1374 agal
670 1281 744 1344 τοῦ
767 1267 937 1344 δυνατοῦ
960 1275 1023 1345 καὶ
1047 1282 1121 1346 τοῦ
1137 1282 1364 1382 ,συμφέρον-

279 1391 477 1478 τοςέἶναι.
533 1389 647 1488 Atque
668 1417 782 1488 quum
806 1389 843 1460 id
868 1417 911 1462 ex
931 1414 1014 1464 suae
1033 1393 1123 1464 vitae
1149 1389 1364 1490 experientia

280 1513 448 1602 duxisset,
468 1513 689 1586 confirmatus
706 1514 842 1586 videtur
860 1541 879 1586 a
897 1511 1038 1617 poetis,
1049 1515 1249 1588 bominibus
1269 1520 1364 1590 vitae

279 1635 454 1714 humanae
483 1631 930 1735 saneintelligentissimis',
964 1639 1148 1736 Euripide,
1183 1643 1363 1730 Homero,

280 1759 377 1833 aliis:
416 1759 542 1858 quibus
569 1763 710 1851 Cicero,
753 1770 834 1834 ac'er
857 1762 917 1835 ille
946 1761 1159 1836 indolentiae
1193 1762 1362 1837 defensor

281 1885 402 1982 (quern
421 1885 456 1954 in
474 1883 678 1956 Tusculanis
699 1885 843 1982 quidem
864 1885 1129 1984 quaestionibus
1151 1907 1228 1959 sese
1249 1911 1362 1984 prae-

244 1985 247 1990 *
280 2008 363 2100 stat)
384 2005 434 2076 ob
453 2007 533 2088 eam
548 2008 663 2106 ipsam
683 2029 823 2080 causam
843 2025 1040 2096 succenset,
1066 2007 1163 2106 quod
1185 2008 1364 2084 lamenta-

281 2129 436 2202 tionibus
454 2130 588 2200 animes
607 2129 798 2206 emolliant.

352 2283 457 2376 Quod
472 2310 580 2382 quum
596 2283 733 2391 dolosis
750 2285 989 2360 inevitabilem
1004 2309 1081 2362 esse
1094 2309 1234 2372 sensum
1250 2289 1366 2360 Cran-

282 2423 338 2481 tor
365 2407 518 2499 videret,
550 2409 654 2482 facile
677 2409 851 2484 intellectu
876 2427 944 2502 cst,
971 2409 1208 2511 quamobrem
1231 2412 1263 2480 ei
1287 2414 1368 2482 or’ta

283 2536 440 2604 humana
456 2523 574 2638 multis
590 2539 722 2606 vexari
739 2536 892 2606 miseriis
910 2536 983 2604 visa
999 2537 1059 2624 sit3
1084 2533 1202 2628 quain
1219 2546 1367 2604 senten-

285 2659 330 2728 tia
349 2682 393 2728 eo
412 2679 621 2758 progressus
635 2670 688 2750 est
715 2671 750 2726 ut
774 2658 878 2726 vitam
905 2651 1070 2751 supplicii
1088 2655 1194 2742 instar
1215 2651 1366 2727 baberet

288 2777 388 2875 (vide
406 2779 447 2854 fr.
465 2781 499 2852 9.
521 2779 593 2875 12).
652 2783 770 2876 Atque
789 2775 889 2850 huius
907 2779 1093 2850 sententiae
1112 2802 1218 2874 quarn
1238 2776 1366 2849 similia

247 2924 256 2998 Ji
284 2902 440 3000 proferat
467 2901 590 2974 Plato
617 2901 674 2996 ¹⁸),
719 2899 919 3000 diligentius
952 2927 1028 2972 rena
1062 2899 1364 2974 considerantibus

285 3042 410 3124 sponte
432 3041 549 3122 patet,
574 3028 747 3123 quantum
763 3021 961 3120 interfuerit
983 3024 1071 3094 inter
1084 3026 1261 3120 utriusque
1278 3021 1366 3118 phi·

173 3197 175 3203 .
287 3137 433 3248 losephi
452 3145 638 3243 placitumt
665 3169 771 3242 qaum
793 3145 884 3215 enim
903 3143 1023 3216 Plato
1043 3143 1080 3214 id
1096 3143 1212 3218 solum
1231 3133 1366 3243 quera·
1393 3159 1394 3162 ’

189 3341 191 3348 .
286 3287 341 3343 tur
360 3268 456 3368 quod
477 3270 610 3342 animus
628 3267 752 3341 divinis
773 3273 916 3340 intentus
935 3267 1107 3340 interdum
1128 3273 1365 3365 cupidinibus,

289 3395 763 3488 doloribus,-oolnptotibas
785 3391 1029 3500 perturbetur,
1063 3395 1248 3506 ¹Crantor
1267 3395 1362 3468 ineo
1393 3431 1394 3520 s

287 3515 441 3589 collocat
456 3518 630 3588 miseriam
647 3513 837 3586 humanam
860 3513 957 3613 quod
980 3517 1047 3587 vita
1068 3513 1219 3605 morbiS,
1244 3513 1365 3586 mole·
1393 3525 1394 3606 ἶ

178 3687 187 3706 ,
284 3641 379 3726 stiis,
397 3638 628 3712 anxietatibus
639 3637 793 3710 obnoxia
809 3640 870 3726 sit,
891 3661 981 3746 quae
997 3639 1113 3712 omnia
1131 3665 1173 3710 ex
1190 3640 1364 3708 communi

1072 3869 1075 3874 .
1134 3863 1135 3870 a
1393 3795 1394 3884 i

293 3961 297 3972 .
370 3920 427 3998 18)
447 3921 526 3978 Vide
546 3939 575 3980 r.
589 3935 615 3978 a.
638 3920 745 3979 Phaed.
769 3935 795 3992 p.
809 3919 858 3978 66.
880 3909 996 3988 'dordr
1009 3917 1049 3977 τὸ
1066 3923 1161 3997 σῶμα
1175 3909 1365 3995 &peperunt

287 4017 538 4099 ξυρπεφυρμένη
561 4013 687 4099 ᾔὴμσῑν
704 4019 721 4087 ἡ
737 4015 823 4095 ψυχὴ
846 4010 951 4082 μετὰ
973 4019 1048 4074 τοῦ
1070 4014 1276 4073 τοιούτου
1295 4033 1363 4070 κα.
1393 4021 1394 4040 ¹

282 4123 374 4196 nac,
399 4117 435 4177 ori
453 4115 579 4198 ptinere
596 4114 794 4194 κτήσόμιθα
813 4114 931 4183 ἱκανῶς
950 4109 990 4170 od
1008 4113 1242 4194 ἐπιθυμοῦμεν,
