2796 4866
1075 235 1123 308 22

8 417 9 428 ’
37 427 59 498 l.
84 451 114 499 e.
145 433 245 524 μετὰ
270 425 310 504 ὑὲ
334 437 465 503 ταῦτα
489 429 765 532 ξονεπληροῦτο
790 433 840 505 τά
866 459 908 506 τε
934 427 1122 508 διπλάσια

37 555 101 626 καὶ
125 557 339 650 τριπλάσια
359 549 604 648 διαστήματα
629 559 762 649 μοίρας
782 550 842 627 ἔτι
866 560 1007 627 turiseo
1028 558 1123 631 ἀπο-

38 681 184 766 τέμνων
222 681 298 750 καὶ
338 681 489 759 τιθεὶς
525 681 591 759 εὶς
629 678 683 749 τὸ
720 676 1137 772 μεταξὺποὺταν
1176 717 1179 720 ·
1243 774 1248 794 ι

8 799 157 876 ,ὥστε
184 805 230 870 έν
257 801 437 894 ἑκάστῳ
463 785 766 894 διαστήματι
790 795 870 872 δύο
897 797 1023 874 εἶναι
1047 827 1123 894 μεε

8 935 9 942 ’
39 925 270 1006 σότητας,
296 925 365 1006 τὴν
386 924 453 1016 μὲν
478 930 606 1018 ταύτῷ
630 927 731 1024 μέρει
755 931 829 996 τῶν
854 919 1123 1022 depravationi

37 1048 302 1146 ὑπερέχουσαν
324 1047 386 1118 καὶ
404 1051 701 1146 ὑπερεχομένην,
728 1047 797 1128 τὴν
817 1038 849 1116 δ’
868 1042 935 1142 ἴσῳ
954 1047 1021 1138 μέν
1041 1048 1125 1120 κατ’

39 1170 208 1269 ἀρι2μὸν
227 1175 510 1269 ὑπερέχουσαν,
531 1167 599 1264 ἴσῳ
614 1164 645 1241 δ’
658 1172 940 1268 ὑπερεχομένην.
990 1167 1122 1238 Harum
1223 1186 1229 1202 '

36 1288 263 1361 medietatum
285 1293 403 1385 prima
423 1303 475 1362 est
494 1313 668 1374 numerus
691 1291 956 1401 quaternarium
982 1287 1123 1366 medius

37 1415 128 1484 inter
148 1412 336 1508 ternarium
354 1427 387 1482 et
404 1413 576 1482 senarium
598 1413 752 1511 positus,
785 1413 973 1481 ternarium
994 1411 1123 1486 eadem

36 1536 175 1606 ratione
192 1556 382 1634 superans,
409 1557 479 1629 qua
497 1557 517 1601 a
535 1536 674 1605 senario
691 1548 903 1633 superatur,
928 1531 1123 1612 seeundum

34 1655 309 1752 proportionem
322 1677 429 1750 quam
447 1669 582 1727 veteres
598 1651 763 1726 dicebant
781 1653 1031 1728 harmonicam.
1080 1656 1123 1730 Id

35 1777 280 1879 proportionis
304 1799 413 1874 genus
438 1778 473 1848 in
499 1801 543 1849 eo
568 1790 681 1850 estut
706 1803 816 1876 quum
840 1780 929 1851 inter
950 1781 1123 1857 maiorem

35 1911 226 1971 numerum
243 1901 305 1992 (6)
327 1915 362 2004 et
375 1902 549 1971 minorem
568 1903 634 1992 (4)
653 1897 749 1971 aliud
765 1899 991 1974 intervallum
1009 1903 1123 1976 iuter-.-
1172 1899 1174 1906 ’

35 2026 83 2093 sit
104 2038 217 2118 etque
237 2019 499 2094 intermedium
519 2025 585 2114 (4)
607 2037 641 2094 et
656 2023 831 2094 minorem
852 2026 937 2116 (3),
960 2021 1051 2097 haec
1065 2028 1122 2098 in·
1226 2075 1228 2079 ι

35 2142 184 2216 tervalla
201 2142 331 2216 eodem
349 2167 425 2216 sese
443 2140 555 2214 modo
574 2140 727 2216 habeant
745 2145 835 2224 inter
851 2169 889 2218 se
905 2172 976 2246 quo
992 2173 1122 2222 nume-

34 2289 98 2337 rus
120 2268 234 2336 maior
254 2282 287 2336 et
308 2271 424 2337 minor
447 2269 507 2356 (οἱ
528 2268 657 2368 σ’έκροι,
685 2269 711 2338 3
730 2281 764 2338 et
784 2272 840 2360 6).
891 2268 1024 2360 Quodsi
1048 2273 1122 2344 mi·-

31 2409 103 2461 nus
132 2386 355 2460 intervallum
384 2385 542 2460 dicamus
566 2385 606 2458 d:
641 2390 753 2462 maius
772 2391 825 2479 D,
856 2392 1009 2464 nascitur
1027 2415 1122 2490 pro-

33 2510 178 2608 portio:
625 2573 628 2578 .
836 2583 837 2590 ,
936 2489 941 2500 Ν

359 2629 451 2688 3ιὺ
532 2631 611 2686 :d
696 2623 756 2686 :fl
799 2681 804 2706 ,

280 2741 335 2784 eeu
529 2747 571 2780 =
591 2727 673 2786 4-tt
693 2745 702 2784 ε
723 2727 806 2785 6-4

528 2845 570 2876 =
591 2825 612 2880 1
695 2843 704 2878 τ
724 2823 745 2880 2

180 2919 450 3007 veternosis
488 2903 781 3018 *esan

273 3017 613 3077 εἰνθΒιΑ-θπθ
694 3021 815 3080 :6-4.

37 3127 160 3220 Itaque
181 3147 290 3219 quum
311 3125 555 3219 quaternarius
577 3125 765 3197 ternarium
787 3126 899 3194 tertio
923 3125 997 3221 ejus
1020 3127 1120 3223 parte

37 3259 182 3342 superet
210 3247 251 3340 (4
267 3274 316 3316 =
333 3249 359 3318 3
376 3268 407 3332 ÷
427 3243 492 3342 ³s3]
526 3262 559 3318 et
585 3272 604 3316 a
633 3247 772 3318 senario
800 3250 883 3318 item
909 3252 1020 3321 tertio
1047 3251 1120 3322 eius
1186 3315 1190 3327 .

37 3382 140 3462 parte
157 3384 339 3466 superetur
360 3371 407 3460 [6
420 3399 469 3440 =
485 3373 510 3442 4
528 3379 560 3444 -Ι-
581 3363 670 3465 9,),
687 3385 834 3465 apparet
853 3367 941 3466 quid
961 3369 1029 3442 sibi
1051 3395 1120 3443 ve-

37 3487 261 3564 lintPlatonis
272 3489 383 3565 verba
399 3509 510 3590 qu'um
525 3494 677 3590 primam
694 3489 915 3566 medietatem
933 3493 992 3586 (4)
1013 3502 1119 3578 ταὺ-

38 3619 102 3708 τῷ
128 3617 259 3716 μέρει
292 3613 335 3706 (i.
356 3637 387 3688 e.
416 3614 514 3684 tertia
541 3616 663 3710 parte)
693 3625 767 3690 τῶν
796 3616 914 3716 ἄκραν
949 3619 993 3707 [6
1016 3631 1050 3687 et
1076 3619 1118 3714 3)

38 3741 299 3834 ὑπερέχουσαν
324 3741 389 3811 καὶ
413 3743 687 3840 ὑπερεχομένην
712 3735 805 3808 dicit
854 3741 906 3808 Ae
927 3734 1028 3836 hujus
1049 3763 1120 3838 ge-

38 3858 133 3928 neris
148 3855 350 3930 medietates
368 3856 488 3960 plures
505 3859 595 3998 inffir
611 3883 776 3931 numeros
794 3855 991 3933 Platonicos
1009 3863 1119 3936 inter-
1210 3943 1213 3948 ,

38 3980 124 4076 poni
143 3995 323 4076 poterant3
347 3981 513 4054 numeius
531 3985 573 4071 8,
597 3980 736 4055 medius
753 3983 842 4056 inter
863 3987 939 4058 (iet
958 3987 1024 4077 123
1052 3989 1118 4076 12,

38 4099 176 4174 medius
193 4103 280 4174 inter
297 4107 321 4176 2
338 4119 372 4176 et
389 4107 453 4196 183
482 4106 543 4195 16,
563 4103 701 4180 medios
715 4107 804 4177 inter
821 4109 866 4178 12
882 4121 915 4180 et
932 4109 996 4198 24,
1022 4107 1090 4181 alii.
