2808 4866
975 191 1243 354 ’4ιῖ

40 444 258 531 consolatum
280 471 357 522 esse
381 449 541 522 novimus
576 451 683 541 [Xen.
706 447 799 546 apol.
826 452 858 520 6.
886 453 919 520 Ἰ.
946 451 1017 521 24..
1033 451 1122 542 28),

41 597 108 660 coa
130 573 336 651 Ciceronem
357 570 521 643 iurabas
538 570 697 644 adversis
724 595 942 668 magnopere
965 571 1123 658 adiutum

41 717 116 766 esse
144 710 310 771 testantur
341 691 528 791 complura
553 693 627 773 eius
656 691 747 766 dicta
775 697 872 766 citata
898 717 918 766 a
943 692 1122 791 Wyttoab.

41 815 83 888 ad
101 815 174 900 h.,l.
193 821 319 915 paea.
346 861 390 878 --
407 823 535 914 'Atque
548 815 638 890 baec
652 818 829 894 Crantoris
846 823 1013 892 sententia
1030 842 1124 916 quo·
1145 907 1148 912 ¹

40 941 236 1014 dammodo
254 940 418 1014 cohaeret
435 943 570 1050 cumiis
590 940 771 1042 quaefall
789 925 959 1038 legimuat
983 943 1013 1014 oi
1030 943 1125 1018 enim
1240 955 1288 966 ·’
1395 921 1396 926 ¹

42 1066 202 1138 miseriae
216 1061 392 1138 humanae
406 1079 561 1138 anostra
580 1063 684 1162 culpa
701 1067 872 1167 originem
893 1062 1040 1153 ducunt,
1061 1091 1124 1138 ne·

40 1188 160 1283 quein
174 1183 304 1266 dolore
315 1185 556 1286 quidquam
528 1207 571 1260 ειι
590 1185 690 1286 quod
703 1185 861 1260 acerbius
875 1189 985 1288 possit
998 1186 1125 1262 haberi
1141 1261 1148 1270 ,

41 1333 151 1404 quam
172 1272 280 1398 illud,
313 1307 418 1406 quod
440 1310 689 1406 mameapsoe
682 1311 773 1384 eiua
798 1327 962 1422 auctores
986 1309 1124 1384 habere

42 1429 278 1505 debeamus:
268 1447 391 1540 ιοειιο
413 1434 502 1504 inter
520 1433 671 1506 maxima
689 1407 925 1508 calamitatum
948 1433 1124 1566 levamina

41 1536 250 1627 habendum
272 1569 343 1639 est,
369 1577 399 1624 ει
417 1555 494 1652 quis
510 1551 581 1624 hoc
600 1552 735 1630 doloris
754 1581 864 1632 ιιειιο
883 1574 1040 1634 caret.

115 1653 172 1748 12'.
221 1675 306 1748 Plut.
332 1673 353 1747 l.
380 1701 410 1748 c.
437 1701 474 1774 p.
502 1679 586 1752 115
611 1677 650 1752 b

39 1803 203 1884 Πολλοῖς
224 1805 294 1904 γὰρ
317 1804 379 1878 καὶ
403 1811 542 1903 σοφοῖς
562 1777 770 1901 ιλνδροὶυιν,
796 1803 841 1886 nie
864 1823 962 1904 φησι
984 1795 1125 1902 Κράν·

41 1953 146 2026 τωρ,
174 1931 219 1998 οὐ
241 1933 309 1997 νῦν
331 1926 431 1998 ἀλλὰ
453 1929 575 1997 πάλαι
599 1929 835 2000 κέκλαυσται
857 1917 1124 2028 τάνθρώπινα,

39 2050 224 2146 τιμωρίαν
253 2031 470 2140 ἦρουμένοις
496 2041 595 2120 εἶναι
619 2050 688 2120 τὸν
711 2049 814 2148 βίον,
849 2050 911 2159 acl
935 2052 1056 2150 ἀρχὴν
1083 2046 1126 2140 ²⁶)
1232 2103 1237 2110 -

7 2191 9 2224 2
41 2174 89 2244 τὸ
108 2174 289 2264 γενέσθαι
308 2168 510 2270 ἄνθρωπον
524 2172 729 2274 συμφορὰν
748 2172 816 2253 τὴν
833 2171 1025 2272 periurae.

124 2286 274 2390 ’Ἄνδρες
301 2291 423 2393 σοφοὶ
452 2289 511 2384 qui
534 2286 677 2396 suerint,
712 2287 807 2360 haud
834 2287 977 2364 difficile
1007 2258 1126 2362 lietu:
1176 2301 1184 2312 ‘

38 2415 238 2499 Homerus,
259 2399 455 2506 Theognis,
474 2409 732 2504 Empedocles,
755 2407 942 2501 Prodicus,
963 2407 1023 2486 alii
1032 2439 1043 2482 ι
1068 2427 1127 2486 at·-

38 2559 116 2630 que
134 2531 364 2633 Empedoclis
388 2529 464 2605 h.l.
485 2529 722 2628 fragmentum
742 2531 945 2606 addendum
966 2551 1020 2608 est
1044 2559 1127 2610 ser-
1221 2565 1229 2574 ι

40 2671 158 2728 vatum
179 2681 199 2728 a
222 2653 376 2744 plotino,
404 2643 562 2726 Ειιιιειάἷ
582 2653 637 2727 tv.
657 2653 720 2726 lib.
737 2656 819 2728 Vlll.
839 2680 916 2756 cap.
937 2662 967 2730 l.
989 2683 1024 2759 p.
1044 2661 1128 2734 468.

40 2775 292 2875 Ἐμπεδοκλῆς
329 2805 370 2849 τι
406 2781 516 2850 εἰπὼν
552 2783 962 2881 ἁμαρτανούσαις
981 2788 1126 2878 νόμον
1170 2862 1172 2868 ,

41 2901 300 2991 εἶναιτοῖς
321 2910 500 2996 ψυχαῖς
525 2909 692 2978 πεσεῖν
713 2907 929 2978 ἐνταῦθα
955 2911 1030 2981 aul
1051 2917 1126 2990 οὐ·
1169 2940 1178 2963 ι
1218 2949 1223 2963 ι

40 3031 122 3109 τὸς
150 3001 302 3132 φυγολς
327 3009 499 3100 θεοθεν
534 3028 835 3122 γενόμενυς“
813 3056 935 3115 ηκειν
967 3033 1126 3116 πίσυνος

40 3155 258 3247 μαινομένῳ
279 3176 407 3236 νεικει,
443 3157 638 3223 τοσοῦτον
668 3157 907 3258 παρεγύμνου
934 3153 1029 3228 ὅσον
1062 3159 1126 3230 καὶ

43 3275 270 3371 Πυθαγόρας
290 3269 421 3365 οἶμαι,
441 3277 504 3345 καὶ
522 3277 560 3346 οἱ
578 3277 650 3346 ἀπ’·
660 3277 800 3348 ἐκείνου
818 3280 1024 3375 priorem
1044 3285 1125 3372 περί

42 3422 84 3490 τε
98 3399 242 3468 τούτου
261 3400 342 3494 περί
356 3423 398 3470 τε
415 3400 564 3468 πολλῶν
583 3393 718 3472 ἄλλων.
771 3397 870 3469 Conf.
887 3395 972 3470 ibid.
994 3423 1023 3470 ο..
1041 3401 1074 3472 5.
1093 3416 1127 3472 et

43 3541 138 3614 quos
157 3516 255 3590 locos
274 3519 357 3588 citat
373 3497 523 3588 siunins
541 3515 750 3617 adEmped.
766 3523 981 3622 p.449sqq.·
1025 3525 1127 3596 Ean-

43 3638 126 3711 dem
144 3643 352 3712 sententiam
371 3665 392 3714 a
409 3640 553 3716 Platone
570 3641 720 3717 Phaedr.
740 3671 775 3743 p.
793 3649 875 3718 248.
896 3646 1020 3720 referri
1039 3641 1126 3720 inter
1163 3717 1167 3724 .

41 3785 166 3834 omnes
188 3781 330 3838 constat.
389 3769 467 3838 Huc
489 3769 661 3867 pertinent
681 3769 784 3840 etiam
807 3769 985 3868 Euripidis>
1006 3793 1126 3843 versus

42 3883 511 3983 ap.stob‘ss0r12o‚22.

124 4053 183 4127 26)
214 4054 313 4136 ἀρχὴν
336 4063 416 4118 valet
436 4061 561 4116 omnino
581 4063 614 4117 ut
633 4065 733 4118 monet
753 4062 927 4133 Leoappius
949 4061 988 4119 ad
1010 4062 1124 4119 Phala·
1231 4069 1238 4126 Γ

40 4151 94 4212 rid.
117 4171 145 4226 p.
169 4151 239 4214 262.
282 4160 419 4220 Phalaris
442 4162 521 4220 enim
541 4159 600 4220 hoc
621 4158 700 4220 dicto
723 4161 879 4242 Crantoris
901 4177 975 4220 urus
996 4166 1051 4246 eet
