2796 4866
1076 211 1134 304 ‚ar

44 436 123 484 mus
149 415 207 484 rix
227 407 441 510 quemquam
459 411 589 483 librum
610 413 671 509 qui
690 409 736 482 de
753 408 993 482 consolatione
1012 408 1132 506 scrip-

42 552 94 606 tus
116 552 192 607 erat
210 561 282 606 non
301 534 428 632 legisse
449 533 512 631 ¹⁰),
545 548 577 604 et
600 557 707 631 quarn
725 529 847 603 doctus
868 531 971 603 fuerit
989 529 1133 601 Plutar-

43 657 155 747 chus,
181 683 292 754 quam
312 660 428 728 onmia
447 653 660 728 corradendi
676 654 845 756 cupidus,
872 655 1081 755 praesertim
1095 657 1130 726 iu

45 775 296 854 Consolatione
316 780 361 851 ad
381 779 611 878 Apollonium
633 777 774 850 iuvenili
795 791 906 848 aetate
922 779 1071 877 scripta,
1096 791 1132 848 ut
1161 807 1164 819 2

43 905 190 975 coniecit
209 901 497 1000 Wyttenbachius
519 902 578 1000 ¹¹),
604 907 638 973 in
657 925 765 1000 quam
785 896 996 972 ex·diversis
1013 902 1132 996 scrip-

45 1022 182 1098 toribus
206 1013 369 1097 mutta‘et
388 1027 483 1096 varia
507 1024 660 1122 collegit.
711 1027 753 1094 Et
775 1045 888 1120 quum
909 1021 1131 1094 Plutarchum

44 1121 198 1220 maxime
211 1173 250 1219 ex
260 1150 430 1218 Crantore
445 1143 601 1220 hausisse
617 1144 882 1219 concedendum
900 1145 963 1234 sit,
982 1148 1132 1219 Cicero-

42 1275 185 1344 nemin
213 1268 418 1342 Tusculanis
442 1295 513 1342 non
541 1269 651 1341 credo
678 1245 936 1367 saepenumero
964 1272 1133 1343 Crantore

45 1420 148 1468 usum
166 1419 259 1482 esse,
284 1417 347 1463 eos
365 1391 465 1463 locos
484 1407 519 1462 ut
536 1394 718 1480 omittam,
739 1373 969 1489 quibuscum
989 1393 1133 1464 nomine

47 1517 216 1620 appellat.
268 1519 379 1588 Huius
395 1518 446 1586 rei
465 1493 747 1586 liceatnounulla
766 1493 973 1613 argumenta
991 1515 1132 1604 afferre,
1187 1505 1192 1518 ⁸

46 1665 139 1737 quae
162 1638 310 1710 sortasse
340 1635 592 1710 dubitationem
614 1625 732 1708 ‘nicam
760 1654 927 1709 excusent.
978 1638 1134 1710 Primum
1236 1625 1237 1630 ἵ

11 1773 12 1776 ’
43 1787 116 1832 non
141 1759 330 1834 verisimile
356 1777 407 1833 est
434 1764 641 1834 Ciceronem
669 1759 825 1832 eundem
854 1759 946 1835 hunc
971 1759 1140 1834 libellum

45 1889 222 1955 Crantoris
251 1882 308 1954 bis
339 1884 441 1955 brevi
470 1897 633 1980 tempore
666 1881 882 1972 exhausisse,
914 1862 1070 1980 ‘primum
1097 1886 1139 1962 in

45 2005 297 2080 Consolatione
316 2032 397 2097 sua,
424 2004 553 2078 deinde
572 2009 606 2077 in
626 2002 889 2104 quaestionibus
909 2002 1114 2080 Tusculanis
1124 2025 1140 2100 ς’

46 2127 176 2202 deinde
195 2129 294 2229 quod
317 2131 421 2201 etiam
440 2129 549 2228 pluris
568 2145 637 2216 est,
664 2130 878 2228 praecipuae
901 2111 1078 2202 Ciceronis
1101 2146 1135 2204 et
1183 2162 1187 2170 ¹
1217 2107 1222 2116 ¹

46 2255 227 2326 Crantoris
252 2255 443 2324 sententiae
468 2249 664 2324 admodum
684 2253 771 2323 inter
787 2249 1034 2325 sedifferunt:
1069 2254 1136 2324 ci..
1243 2243 1247 2259 ’

9 2415 12 2434 ·
45 2400 131 2447 cero
150 2349 242 2445 enim
263 2377 383 2472 utique
401 2376 436 2447 iu
455 2373 664 2446 Tusculanis
678 2387 848 2445 'severum
865 2397 945 2446 sese
965 2373 1136 2447 admoni-

45 2493 388 2594 toremdolorisque
408 2512 689 2596 cointemptorem
707 2512 860 2594 praestat
878 2495 944 2591 ¹²),
971 2501 1135 2589 Crantor,

48 2624 87 2692 iis
107 2615 254 2716 quidem
274 2619 395 2715 paucis
413 2617 616 2714 fragmentis
635 2641 727 2713 quae
750 2616 796 2688 ad
812 2633 969 2693 nostram
988 2637 1134 2694 aetatem

49 2765 265 2846 pervenere,
290 2742 380 2830 mitis
400 2741 528 2812 exsistit
549 2739 768 2828 consolator,
794 2741 1042 2838 qui'dolorem
1064 2771 1136 2820 non

47 2847 188 2968 turpem
220 2861 370 2950 habeat,
402 2885 474 2932 non
505 2885 575 2959 pro
606 2860 716 2932 nihilo
751 2862 957 2937 ducendum
986 2869 1136 2963 iudicet,

47 2989 113 3062 sed
145 3015 187 3059 ex
216 2991 291 3080 ipsa
322 2983 621 3088 hominisnatnra
651 2991 822 3085 consequi
852 3007 1029 3087 agnoscat.
1091 2997 1135 3067 Et

50 3107 384 3214 quumhistoriolae
409 3109 598 3213 nonnullae
624 3109 670 3184 ad
693 3129 911 3185 mortuorum
937 3114 1135 3189 beatitudi-

49 3263 129 3312 nem
142 3233 389 3335 probandam,
407 3231 452 3305 de
471 3230 678 3332 Trophonio
693 3248 726 3304 et
739 3232 942 3330 Agamede,
961 3235 1008 3311 de
1022 3237 1136 3312 Cleo·-

51 3359 137 3433 bide
155 3378 190 3432 et
207 3361 347 3442 Bitone,
370 3354 416 3427 de
434 3353 552 3427 Sileno
572 3352 724 3452 denique
742 3358 901 3431 Crantori
922 3383 940 3430 a
956 3358 1135 3461 plerisque
1200 3353 1203 3363 ’

133 3664 192 3742 1⁰)
222 3661 302 3724 Vide
322 3665 408 3724 nodo
429 3668 473 3724 aa
493 3663 555 3724 Att.
577 3664 655 3746 x11,
677 3665 734 3724 14:
762 3665 844 3724 Nihil
866 3668 903 3724 dc
923 3681 1055 3727 moerore
1075 3669 1149 3727 ni-·

51 3767 168 3822 uusado
194 3759 336 3834 scriptun
364 3765 402 3822 ab
429 3765 491 3822 utto
518 3767 581 3837 est,
611 3765 689 3836 quod
719 3781 780 3841 ego
810 3781 866 3824 non
892 3764 969 3828 doni
990 3771 1058 3828 turc
1085 3771 1134 3828 te·

51 3878 156 3938 germ.

97 4002 100 4010 =
133 3986 192 4061 ιι)
212 3989 322 4046 comm.
343 3986 373 4044 n
394 3986 568 4066 euenor.
591 3987 645 4043 vr.
666 4001 694 4060 p.
714 3987 783 4046 uso.
826 3945 829 3954 ’
1016 3997 1023 4060 t

133 4107 192 4186 ss)
213 4109 324 4170 contar
345 4108 476 4184 iuuantis
495 4111 585 4170 Tura
608 4109 671 4188 111,
695 4109 745 4168 27.
762 4111 817 4170 w.
