2796 4866
171 313 174 324 ·
277 263 363 388 8114

278 456 457 557 differant,
482 427 663 532 Crantoris
685 459 787 544 esse?
841 457 947 546 Quod
971 457 1223 530 documentum
1251 483 1365 556 quarn

277 584 447 684 incertum
459 583 519 672 sit,
539 580 702 658 intellexit
719 586 823 668 eliam
843 585 1068 656 Mauritius
1084 587 1364 657 Hermannus

278 702 513 777 Eduardus
542 706 699 793 Meier,
728 705 914 806 professor
937 703 1155 802 eloquentiae
1181 706 1373 804 HalensiS,⁴

254 875 257 883 ·
277 827 500 928 nuperrimos
518 824 773 898 Consolationis
791 827 1004 913 Crantoreae
1024 825 1221 926 descriptor
1232 828 1269 924 ⁶).
1321 833 1365 900 Et

277 947 572 1052 Wyttenbaohius
598 947 745 1045 quidem
772 945 863 1019 duos
894 947 994 1020 locos
1023 953 1181 1022 Crantori
1207 951 1365 1025 tribuere

278 1089 423 1146 conatur
440 1071 497 1172 7),Ι
518 1075 563 1173 ἰη1
577 1070 720 1168 quibus,
739 1073 794 1148 vix
821 1071 1016 1170 quidquam
1042 1077 1236 1148 inveniatur
1263 1075 1364 1174 quod

266 1195 336 1290 ¹vel
362 1196 528 1296 sententia
563 1193 621 1266 vel
647 1197 804 1294 oratione
828 1213 960 1286 certam
990 1197 1248 1273 similitudinem
1283 1225 1363 1272 cum

183 1303 187 1322 ⁸
279 1325 447 1393 Crantore
474 1318 614 1393 habeat.
671 1324 742 1393 Nec
768 1323 880 1419 inagis
906 1321 1138 1420 probandum
1164 1335 1229 1410 est,
1265 1323 1363 1420 quod

278 1442 422 1542 quidam
446 1468 508 1517 eos
529 1465 651 1540 omrres
665 1443 767 1517 locos
791 1449 852 1541 qui
873 1434 1079 1517 Tusculanis
1100 1445 1362 1542 quaestionibus

277 1592 362 1641 cunr
381 1564 555 1656 Plutarchi
579 1567 828 1642 Consolatione
854 1593 1059 1643 communes
1080 1586 1176 1655 sunt,
1201 1571 1364 1642 Crantori

276 1687 435 1798 tribuere
466 1687 658 1762 volebant:
695 1694 783 1762 inter
810 1715 899 1789 quos
932 1717 1003 1762 non
1030 1673 1144 1763 solum
1179 1707 1230 1764 est
1263 1694 1362 1792 prior

277 1810 561 1910 fragmentorum
573 1814 749 1885 Crantoris
763 1810 879 1886 editor
895 1812 1034 1885 Bleelr
1053 1839 1073 1884 a
1090 1816 1306 1911 Rysewyk
1318 1814 1361 1908 ⁸),

277 1932 341 2008 sed
367 1935 470 2007 etiarn
497 1931 757 2008 Fridericus
783 1933 1083 2008 Schneiderus
1105 1928 1363 2011 Vratislavien-

278 2060 344 2146 sis,
379 2059 441 2154 qui
462 2056 679 2158 peculiarem
701 2056 747 2130 de
768 2061 946 2131 Crantoris
969 2057 1065 2131 libro
1091 2065 1176 2163 περὶ
1202 2069 1363 2142 atvsovc

280 2178 558 2256 dissertationem
582 2183 722 2288 scripsit
740 2180 789 2270 ⁹),
818 2184 853 2272 in
873 2206 941 2277 qua
964 2178 1056 2252 adeo
1076 2197 1183 2254 totum
1201 2181 1362 2253 libellurn

264 2299 424 2410 reficere
445 2281 589 2374 conatus
612 2320 683 2394 est3
714 2320 819 2401 atque
846 2301 941 2374 idern
968 2305 1038 2401 egit
1060 2307 1261 2378 Meierus
1322 2307 1364 2374 Hi

276 2427 383 2524 igitur
395 2451 465 2498 non
481 2428 709 2528 reputavisse
725 2411 902 2515 videntur,
920 2451 1028 2523 quarn
1045 2425 1149 2498 multa
1163 2429 1266 2498 etiam
1287 2424 1363 2498 aliis

279 2549 500 2650 Graecorum
517 2548 752 2648 scriptoribus
774 2553 900 2621 Cicero
924 2547 1102 2637 debuerit,
1128 2573 1234 2646 quem
1253 2553 1364 2624 novi-

363 2775 400 2871 8)’
429 2793 572 2854 Fridsrioi
595 2751 737 2854 unitatur
757 2783 815 2858 111.
836 2793 976 2856 funebris
996 2793 1148 2871 indicens,
1168 2795 1252 2854 itatis
1272 2797 1363 2856 1810.

259 2910 308 2981 ὀρ.
330 2892 361 2952 tt

364 3016 402 3093 t)
432 3015 701 3076 ultorum-tonsu.
723 3019 761 3074 sd
783 3017 882 3088 Apoll.
911 3033 940 3089 p.
961 3017 1030 3075 too.
1061 3017 1129 3076 inde
1156 3033 1176 3074 a
1203 3017 1302 3075 verbis
1328 2998 1363 3074 ’τί

282 3114 345 3195 γὰρ
369 3113 580 3192 τὸΐχαλὲπόν
603 3116 758 3187 usquead
780 3111 930 3191 κρεῖττόν
953 3115 1029 3171 ἔστι
1050 3116 1091 3174 τὸ
1112 3110 1279 3174 τεθνάναι
1300 3123 1363 3174 τοὺ

284 3211 358 3290 ζῆν,
389 3215 513 3273 alterum
537 3213 604 3272 ibid.
625 3230 652 3288 p.
674 3215 746 3274 111.
768 3213 836 3272 inde
857 3230 877 3271 a
898 3213 996 3272 verbis
1017 3205 1089 3272 tuat
1111 3207 1169 3269 καὶ
1190 3215 1255 3273 τῶν
1278 3212 1363 3288 ζώων

282 3313 432 3389 usquead
449 3311 696 3381 indoctissimis.
718 3345 757 3359 -
781 3308 1003 3384 tt’yttentsohii
1014 3312 1215 3371 auctoritatem
1229 3315 1364 3385 sequitur

284 3412 371 3472 etism
385 3411 597 3486 Herodian,
618 3411 866 3470 minorfltiusriri
877 3410 1050 3484 olarissini,
1071 3412 1100 3472 in
1113 3412 1189 3469 libro
1204 3410 1364 3471 hisdiebus

244 3495 252 3548 7
283 3512 379 3572 editos
410 3507 541 3568 Distrite
561 3509 591 3566 io
612 3509 709 3568 losum
731 3496 915 3583 philosopise
935 3509 1072 3584 noratis,
1092 3511 1142 3583 qui
1163 3515 1211 3566 est
1231 3510 1269 3570 ds
1286 3525 1364 3570 ooa-

284 3610 447 3687 solatione,
468 3609 546 3680 spurt
568 3608 717 3683 Graecos,
738 3606 820 3689 tqaj.
841 3609 880 3665 sti
901 3607 956 3667 Ru.
979 3607 1068 3665 1810.
1090 3623 1118 3682 p.
1133 3607 1181 3664 tt
1200 3623 1264 3682 sqq.
1325 3676 1331 3691 Ι

310 3719 312 3729 '
367 3733 403 3802 8)
427 3729 601 3789 Dissertatio
621 3729 751 3790 literaria
772 3731 809 3788 de
830 3732 972 3788 crantore
987 3721 1122 3807 Solensi‚'
1140 3744 1228 3801 qnam
1247 3730 1363 3802 publico

285 3835 316 3889 st
335 3829 458 3889 solemni
479 3828 605 3888 examini
634 3829 777 3888 submittit
804 3828 894 3889 Μ.
915 3830 949 3888 n.
971 3844 1030 3886 van
1053 3829 1169 3924 Bisek
1190 3841 1261 3887 vso
1282 3831 1363 3902 Ity-

285 3929 432 4003 sswytr,
454 3927 634 3988 Arnhsnias
653 3926 744 3986 1887.

368 4050 406 4126 8)
438 4048 569 4131 zeitung
596 4053 647 4111 tttr
674 4046 1080 4110 Altsrtttunswisssnsobsit.
1108 4047 1199 4108 1888.
1229 4049 1315 4136 ἕνα.
1335 4051 1364 4108 8.

286 4169 315 4223 r·
338 4149 398 4208 ⁸³⁹
419 4166 484 4224 orr-
