2796 4866
869 213 882 246 ‘
1066 223 1110 296 at

26 429 122 499 enim
148 423 241 498 idem
267 439 317 498 est
344 423 445 523 quod
470 431 490 512 ἡ
514 425 718 515 ταυτότης,
748 438 868 494 natura
882 444 1025 518 semper
1041 418 1109 492 sibi

26 565 211 639 constane,
236 549 352 619 omnia
373 545 629 648 complentem,
654 542 852 636 individua,
875 542 1021 635 infinita,
1047 567 1110 614 ae·

25 688 145 764 terna,
180 673 334 768 itemque
355 675 401 747 τὸ
422 675 605 774 μεριστὸν
628 666 734 740 estid
757 665 854 766 quod
877 677 897 756 ἡ
918 674 1110 771 ἑτερότης,
1158 747 1161 754 Α

26 809 231 892 constatque
252 820 295 865 ex
318 795 506 866 innumeris
528 791 633 863 rebus
653 794 741 864 inter
761 816 800 864 se
823 789 991 886 diversis,
1022 817 1110 863 cor-
1177 819 1179 824 ·

24 918 148 1015 porcis
158 909 173 1011 ,'
193 915 314 1009 finitis,
341 915 572 986 mutabilibus
596 930 629 986 et
649 913 846 1012 fragilibus.
902 917 980 986 Non
1001 892 1115 1011 igitur·

26 1043 199 1112 assentior
215 1039 412 1127 Bruckero‚
439 1041 503 1136 qui
525 1037 621 1132 (hise
635 1035 765 1133 philos
790 1039 813 1104 Ι.
833 1038 962 1134 pith)
988 1037 1109 1107 Cron-

26 1175 145 1234 torem
160 1167 281 1236 uerbis
296 1175 432 1236 tontum
451 1177 485 1236 et
504 1166 685 1257 conceptis
699 1163 956 1256 metaphysicis
973 1187 997 1232 o
1014 1163 1110 1234 Pta-

25 1296 110 1354 tone
134 1285 267 1356 obiisse
288 1299 404 1380 putat,
439 1307 546 1382 quum
568 1282 720 1354 animam
743 1257 865 1355 mundi
895 1309 938 1356 ex
961 1281 1111 1381 quatuor

25 1405 225 1478 substantiis
242 1409 477 1504 compositam
493 1431 569 1480 esse
588 1406 695 1497 dicat,
719 1385 825 1506 quarn
843 1407 943 1482 Plato
960 1433 1001 1480 ex
1017 1405 1111 1478 dua·
1141 1445 1142 1448 ¹
1244 1401 1247 1406 ’

24 1529 96 1602 bus
116 1529 274 1602 tribusve
294 1531 432 1600 mixtam
450 1553 526 1602 esse
546 1527 725 1602 docuerat.
794 1524 798 1534 ‘
1082 1540 1085 1548 '

104 1655 270 1724 Ceterum
298 1651 396 1749 quod
416 1654 566 1724 Crantor
590 1652 673 1724 dixit
701 1639 852 1726 animam
880 1679 923 1727 ex
948 1651 1127 1724 omnibus.

24 1778 173 1846 mixtam
193 1797 270 1847 esse
289 1791 329 1846 ut
345 1777 462 1846 omnia
479 1791 725 1872 cognosceret,
752 1800 794 1848 ea
813 1778 1007 1848 communis
1024 1775 1112 1848 Pla-

23 1905 229 1970 ionicorum
256 1901 423 1969 sententia
450 1912 542 1986 erat3
576 1895 658 1968 vide
683 1896 794 1970 modo
824 1895 936 1970 Procl.
960 1899 995 1968 in
1021 1891 1135 1984 Ἷῖοι.Α

24 2049 62 2120 p.
89 2023 171 2092 186:
194 2022 275 2091 189.
294 2021 386 2108 203,
412 2033 446 2090 et
465 2005 721 2092 maxime'205.
797 2047 806 2068 r
1096 2020 1101 2027 ’

102 2145 158 2216 De
184 2145 353 2215 methodo
384 2140 537 2240 denique
567 2142 720 2215 Platonis
748 2141 859 2240 liquet
890 2167 1000 2242 'quam
1020 2161 1110 2217 'vere

23 2271 179 2339 Crantor
199 2282 232 2336 et
250 2269 465 2338 Xenocrates
484 2265 729 2359 indicaverint,
753 2265 1112 2340 animae'mundanae'

25 2404 62 2460 et
83 2388 197 2482 ipsius
216 2384 339 2456 mundi
362 2387 623 2484 generationem
645 2413 767 2460 eorum
789 2395 911 2477 causa,
939 2391 1001 2486 qui
1025 2386 1113 2488 phi-

25 2506 257 2607 losophando
269 2507 432 2580 nondum
451 2506 583 2580 adsueti
602 2525 733 2598 essent,
759 2512 806 2580 ita
822 2510 993 2601 describi,
1013 2513 1114 2610 quasi

25 2634 250 2704 successione
271 2647 478 2732 temporum
497 2631 589 2703 facta
610 2649 720 2721 esset,
748 2629 854 2732 ‘uuum
875 2631 973 2707 Plato
994 2650 1112 2708 aeter-

26 2776 210 2828 ramesse
232 2753 350 2854 probe
373 2758 553 2850 cognitum
575 2752 750 2828 habuerit.
788 2761 791 2768 ’

105 2879 138 2948 5.
191 2876 279 2946 Plut.
306 2875 328 2946 l.
351 2900 381 2948 c.
408 2899 443 2972 p.
465 2876 571 2946 1020.

27 3005 230 3104 Εἰρηκότος
259 2997 298 3102 δὲ
329 3009 403 3074 τοῦ
429 3004 909 3107 Πλάτωνοςῇημιολίων
935 3001 981 3080 δὲ
1014 2996 1113 3077 διο.
1227 3093 1230 3100 .

28 3132 245 3202 στάσεων
279 3127 357 3197 καί
387 3127 637 3224 ἐπιτρίτων
673 3113 1012 3223 Ιιιαὶιένιογδτίων
1046 3153 1114 3222 γε·

27 3239 340 3339 νομίνωνςέκ
375 3249 560 3322 τούτων
598 3257 683 3323 τῶν
715 3247 892 3343 δεσμῶν
926 3254 972 3324 ἐν
1003 3253 1112 3336 ταῖς

27 3374 227 3472 πρόςθεν
251 3367 541 3446 διαστάσεσι
567 3383 626 3468 τῷ
652 3381 737 3446 τοῦ
763 3358 990 3470 ἐπογδόου
1016 3369 1134 3448 dra-¹

29 3500 243 3586 στύματι
269 3499 327 3568 τὰ
353 3497 584 3596 ἐπίτριτα
611 3497 770 3570 πάντὸι
792 3502 1114 3596 ’συνεπληροῦ-
1160 3478 1167 3492 „

30 3649 105 3702 το,
130 3618 296 3694 λείπων
316 3627 466 3694 αὐτῶν
488 3621 697 3693 tataros
720 3620 907 3720 μόριον,
931 3627 1009 3707 τῆς
1030 3625 1115 3693 τοῦ

29 3747 197 3843 μορίου
224 3745 404 3814 τούτου
437 3736 730 3820 διαστάσεως
763 3742 1038 3844 λειφθείσης
1063 3745 1137 3814 ά··’
1221 3788 1224 3795 -
1336 3749 1339 3770 ¹

30 3869 211 3968 ριθμοῦ
243 3866 353 3962 πρὸς
380 3849 812 3964 ἀριθμὸν·’ίχούσης
836 3871 951 3948 τοὺς
976 3863 1114 3964 ὅρους

31 3990 62 4068 ς’
88 3981 167 4058 ’καὶ
193 3979 223 4058 ν’
250 3989 327 4059 καὶ
356 3985 390 4060 σ’
417 3987 531 4076 (256)
558 3989 649 4090 πρὸς
667 3991 696 4084 η’
713 3987 776 4060 καί
794 3980 831 4079 μ’
846 3989 910 4060 καὶ
927 3982 962 4060 o‘
981 3987 1113 4078 (243),

32 4105 98 4182 διὰ
118 4111 263 4192 ταύτην
279 4111 346 4192 τὴν
366 4113 466 4197 λέξιν
486 4112 741 4244 ήνοιγιξοίζοντο
761 4115 881 4188 πάλιν
897 4118 988 4196 τοὺς
1008 4117 1116 4214 ἀριθ-
