2808 4866
292 243 340 314 20

288 449 359 526 cat,
395 459 473 508 eam
502 433 562 507 hic
586 439 669 539 περὶ
694 441 745 512 τὰ
773 441 944 522 αἰσθητὰ
971 435 1180 527 δοξαστὴν,
1206 447 1374 528 παθητι-

289 567 375 650 κὴν,
404 563 647 660 μεταβλητὴν
678 556 770 634 dicit.
834 563 1009 644 Memorat
1038 557 1131 632 hanc
1160 562 1374 659 explicatio-

287 710 387 772 nem,
413 707 433 753 a
453 681 590 755 Plotino
612 705 755 780 quoque
771 677 976 777 adoptatam
997 679 1035 775 ¹⁰)
1056 681 1202 756 Proclus
1222 686 1257 760 in
1281 689 1370 755 Tim.

284 835 322 912 p.
344 809 426 878 18⁷.
463 811 501 880 οἱ
525 803 566 880 δὲ
594 810 908 910 φιλοσοφώτερον
933 808 1144 902 ἁπτόμενοι
1176 819 1259 882 νοῦ
1291 806 1370 883 καὶ

286 935 544 1016 αἰσθήσεως
582 922 909 1032 anatinam
949 934 1127 1026 λέγουσι,
1162 942 1255 1004 Ιτοῦ
1289 940 1371 1027 μὲν

286 1051 569 1157 ἀμερίστου,
601 1063 682 1138 τῆς
707 1045 755 1126 δὲ
787 1054 887 1146 περὶ
914 1063 1017 1135 τοῖς
1044 1057 1258 1146 σώμασιν
1289 1084 1370 1148 με·

284 1185 460 1282 ρησηῆςη
511 1169 619 1258 Quod
645 1194 752 1268 quam
775 1167 927 1242 alienum
948 1172 992 1242 sit
1012 1196 1032 1242 a
1052 1194 1156 1244 sensu
1175 1173 1371 1248 verborum

283 1299 456 1392 PlatoniS,
482 1293 580 1366 haud
599 1291 739 1364 difficile
757 1307 809 1366 est
825 1291 1021 1383 intellectu3
1046 1293 1105 1366 ille
1129 1299 1221 1368 enim
1241 1299 1371 1371 innue-

283 1432 368 1512 rats
387 1422 540 1493 animam
569 1412 690 1487 mundi
718 1441 791 1488 non
817 1433 953 1490 tantum
980 1421 1199 1491 aedividaam
1225 1445 1302 1494 esse
1324 1397 1370 1494 'et

252 1583 255 1590 ⁴
283 1544 490 1618 harmoniae
505 1538 615 1614 inodo
633 1565 754 1612 senum
770 1539 1036 1630 cohaerentem,
1060 1541 1123 1616 sed
1141 1546 1256 1615 omnia
1274 1571 1369 1644 qno-

284 1694 354 1768 que
375 1689 532 1768 corpora
552 1679 792 1761 permeantem
815 1665 837 1738 i.
859 1689 889 1737 e.
917 1669 1100 1737 dividuam
1123 1665 1164 1758 ¹¹}
1177 1656 1201 1758 ς’
1220 1671 1370 1740 Crantor

284 1816 392 1880 vero,
417 1790 496 1887 qui,
523 1783 608 1884 quid
632 1787 746 1857 anima
768 1783 942 1856 mundana
970 1800 1079 1876 esset,
1112 1813 1238 1884 parum
1262 1788 1370 1860 intel-

282 1915 422 2003 lexerit,
459 1911 676 2008 oomparavit
699 1935 778 1982 eam
803 1933 887 1982 cum
910 1913 1026 1982 anima
1053 1907 1225 2000 humana,
1263 1915 1368 1983 ouius

284 2037 374 2109 aotio
403 2034 606 2105 consisteret
635 2047 669 2103 et
692 2036 919 2129 cogitatione
947 2057 1038 2130 quae
1066 2060 1210 2132 semper
1240 2039 1367 2108 eodem

283 2181 362 2232 sese
379 2153 495 2231 modo
515 2153 664 2226 haberet
671 2205 682 2243 ,
716 2168 750 2225 et
770 2167 875 2224 aenea
900 2153 959 2248 qui
982 2159 1085 2252 vario
1108 2153 1219 2226 modo
1242 2155 1368 2228 office-

282 2294 400 2355 returt
437 2274 591 2373 indeque
616 2275 708 2346 enim
733 2275 869 2346 animae
894 2273 1090 2348 mundanae
1114 2283 1162 2354 τὸ
1188 2287 1368 2384 μεριστὸν
1393 2331 1394 2384 ;

282 2425 445 2486 seranta,
466 2403 513 2476 τὸ
532 2405 662 2504 ἀμερὲς
680 2400 936 2494 cogitationem
953 2423 1030 2475 esse
1048 2403 1194 2506 putavit
1218 2441 1268 2454 -
1291 2405 1368 2475 De·
1393 2390 1394 2413 ¹

281 2523 365 2600 inde
394 2522 482 2595 illud
517 2527 689 2608 κάκείνων
723 2528 907 2624 ἑκατέραν
939 2531 1112 2622 μετέχειν
1148 2527 1368 2626 ἑτερότητος

284 2652 348 2726 καὶ
368 2648 609 2730 ταύτότητος
631 2645 668 2738 [i.
687 2669 717 2715 e.
736 2660 769 2714 et
788 2645 1035 2740 cogitationem
1056 2657 1089 2714 et
1112 2667 1251 2718 sensum
1275 2670 1368 2743 par·
1392 2647 1393 2719 i

73 2845 81 2855 ,
189 2815 192 2820 -
283 2773 425 2870 ticipem
439 2789 516 2841 esse
533 2783 604 2838 tum
621 2766 795 2838 varietatis
808 2781 883 2838 tum
898 2763 1127 2866 aequalitatis]
1146 2792 1213 2868 per
1228 2792 1267 2840 se
1283 2771 1367 2866 qui·

285 2891 369 2966 dem
387 2890 509 2990 negan'
529 2889 667 2987 nequit,
692 2913 802 2985 quum
827 2912 950 2972 omnes
973 2888 1151 2985 cogitandi
1171 2889 1368 2962 'sentiendi-
1391 2911 1392 3000 ζ

285 3042 356 3116 que
370 3029 487 3088 motus
505 3037 689 3084 commemo
704 3008 838 3108 aliquid
856 3015 1015 3101 (ταύτὸ)
1032 3012 1121 3084 inter
1138 3033 1177 3082 se
1193 3008 1366 3104 habeant,
1391 3004 1392 3025 ¹

285 3156 319 3213 et
341 3140 549 3212 disertmaa
569 3133 754 3233 complura
778 3135 1057 3236 (ἑτερότητας);
1090 3131 1155 3205 sed
1181 3133 1366 3210 Platonem

284 3259 478 3362 significare
501 3257 539 3331 id
565 3256 719 3332 voluisse
746 3281 817 3330 non
847 3271 899 3328 est
924 3255 1135 3330 verisimile:
1169 3264 1215 3335 τὸ
1238 3265 1367 3361 ἀμερὲς

366 3516 426 3591 10)
448 3517 581 3576 Ποιωᾱ.
601 3517 657 3574 lv.
677 3513 826 3586 liovnt.
847 3509 915 3572 ο.7.
937 3509 1054 3596 δνττῆς
1075 3507 1111 3569 ol
1134 3509 1264 3594 φύσεως
1285 3514 1367 3570 aab·

285 3621 343 3685 vae
364 3608 463 3684 οὔσης
484 3615 542 3682 τῆς
562 3609 621 3691 μὲν
642 3616 778 3686 νοητῆς,
799 3608 856 3677 τῆς
878 3605 913 3668 δὲ
936 3607 1117 3686 αἰσθητῆς,
1145 3604 1282 3689 ἄμεινον
1304 3611 1365 3690 μὸν

284 3715 372 3795 ψυχῇ
400 3711 434 3773 ἐν
462 3713 509 3791 τῷ
531 3714 635 3790 νοητῷ
664 3705 761 3769 εἶναι.
809 3709 888 3768 vite
914 3709 1057 3769 0111110ῐί
1083 3707 1299 3770 adnotationem
1328 3711 1366 3769 ού

284 3815 314 3876 h.
335 3813 356 3878 l.
376 3813 434 3874 111.
453 3827 481 3885 p.
502 3809 573 3868 266.
712 3809 717 3818 ’

368 3933 426 4010 11)
458 3931 511 3992 Sio
531 3948 610 3991 nono
630 3930 716 3990 video
737 3931 834 3991 loonn
856 3927 990 3988 Platonis
1019 3930 1250 3991 astallbonmio
1272 3932 1364 3996 intol-

286 4037 412 4109 laotun,
443 4046 529 4109 quem
551 4032 619 4091 vide
638 4032 677 4090 ad
696 4029 771 4094 Tim.
800 4047 827 4104 p.
849 4027 910 4090 1at
930 4043 993 4103 sqq.
1022 4028 1074 4089 uli
1094 4030 1170 4090 hono
1190 4030 1366 4092 oontontiem

245 4222 248 4228 ἱ
277 4131 432 4234 Ιιιὶιτπίιοο
452 4131 592 4204 exptioet.
