2808 4866
1084 211 1255 280 ll·

48 407 142 502 τέρα
168 413 241 480 τοῦ
254 413 395 506 μέτρου
418 411 729 515 παρεκφέρεσθαι
754 411 859 510 παρὰ
885 411 1007 512 φύσιν
1032 403 1131 482 εἶναι

48 565 97 578 -·
123 521 277 622 denique
289 534 359 612 τὴν
373 533 674 633 μετριοπάθειαν
688 539 758 604 οὐκ
770 525 1131 622 ἀποδοκιμαστέον,

49 644 168 718 haee
159 649 290 745 igitur
281 675 353 722 non
368 652 552 770 minus‘ex
573 649 752 722 Crantoris
770 651 909 775 scriptis
930 652 1036 748 petita
1056 675 1133 726 esse

49 766 708 888 probeturexlocoCiceronissaepius
722 759 925 884 iamcitato,
942 778 1004 848 Ac.
1015 798 1067 872 pr.
1086 777 1135 862 tl,
1208 791 1210 802 ’

49 895 118 966 at:
153 890 255 982 „Sed
279 921 431 994 quaero,
457 866 634 1005 quahdo'
624 911 687 968 usta
712 897 839 970 fuerint
862 895 910 970 ab
929 901 1134 970 Academia

48 1029 174 1090 uetere
204 1015 363 1108 decreta,
394 1034 433 1096 ut
466 1020 620 1097 animum
653 1003 820 1120 sapientis
849 1020 1069 1092 commoveri
1101 1033 1136 1093 et

51 1133 253 1212 conturbari
274 1141 471 1238 negarent?
523 1141 802 1212 Mediocritates
815 1137 866 1212 illi
881 1140 1085 1242 probabant
1103 1157 1137 1214 et

50 1268 85 1336 in
106 1265 206 1336 omni
219 1265 442 1362 permotione
460 1269 666 1336 naturalem
684 1261 850 1336 volebant
865 1286 943 1358 esse
958 1271 1137 1360 quendum

51 1391 209 1460 modam.
258 1388 424 1484 Legimus
442 1409 564 1459 omnes
584 1389 774 1460 Crantoris
791 1388 918 1460 veteris
937 1386 1138 1460 Academici

51 1509 98 1584 de
117 1508 216 1582 luctu
241 1524 304 1581 cet.
338 1549 386 1588 --,
422 1513 538 1606 Atque
563 1509 614 1580 illi
642 1511 790 1609 quidem
819 1512 921 1582 etiam
947 1515 1082 1583 utiliter
1113 1537 1138 1582 u

50 1644 187 1707 nutura
206 1629 369 1703 dicebant
380 1633 626 1728 permotiones
639 1634 720 1706 istas
740 1635 1005 1706 animisnostris
1024 1632 1140 1725 datam
1240 1675 1243 1682 ι

51 1771 182 1829 metum
204 1752 351 1826 cavendi
373 1777 498 1843 causa,
518 1759 822 1830 'mesericordiam
848 1761 1141 1854 aegritudinem-

51 1905 121 1974 que
143 1882 375 1966 clementium
410 1883 526 1974 ipsam
554 1860 771 1953 iracundiam
798 1878 1013 1952 fortitudinis
1041 1883 1141 1978 quasi
1259 1973 1261 1977 Ι

54 2016 172 2072 cotem
192 2025 270 2085 esse
291 1998 465 2076 dicebant.
474 2007 496 2048 ‘⁴
519 2041 569 2056 —-
593 2004 691 2076 Haec
712 2004 818 2100 igitur
839 2028 947 2101 quum
970 2030 990 2074 a
1013 2007 1142 2076 Xeno·-

52 2093 149 2194 crate
166 2122 223 2206 vel
234 2122 437 2214 Polemone,
454 2119 656 2198 hominibus
667 2133 856 2211 ἀπαθείας
868 2122 1141 2216 studiosissimis,

52 2239 212 2343 profecta
231 2269 308 2318 esse
324 2262 520 2342 nequeant,
546 2222 675 2318 deinde
696 2271 804 2344 quum
822 2243 1017 2320 admodum
1038 2250 1142 2320 simi·
1235 2233 1237 2240 Ι

51 2368 116 2439 lia
113 2369 186 2438 sint
203 2367 353 2440 aliorum
372 2366 547 2440 Plutarchi
571 2367 763 2458 dictorum,
789 2371 971 2442 sententias
996 2369 1140 2470 quidem
1241 2416 1244 2424 ·

51 2514 123 2562 non
132 2514 240 2606 nego
262 2515 301 2563 ex
318 2493 486 2562 Crantore
505 2513 582 2563 esse
600 2493 727 2592 petitas
747 2488 809 2582 17);
844 2516 889 2562 an
906 2492 1017 2564 verba
1041 2519 1143 2592 quo·
1208 2484 1211 2500 ¹

53 2639 149 2710 que,
175 2611 357 2704 dubitem
391 2635 463 2684 non
486 2612 578 2685 enim
599 2600 773 2685 credibile
793 2627 863 2706 cst,
890 2615 999 2686 verbu
1024 2623 1142 2722 φησὶν

53 2733 372 2854 οἈκαδημιακός
394 2739 569 2834 Κράντωρ
589 2729 677 2804 vel
667 2733 776 2832 ipsius
792 2733 966 2808 Plutarchi
982 2737 1140 2814 oblivio·

52 2883 120 2946 ne,
144 2854 202 2929 vel
229 2853 363 2925 librarii
384 2853 595 2953 negligentia
618 2880 689 2926 non
707 2880 773 2928 suo
796 2856 911 2930 loco
901 2877 1029 2933 inserta
1054 2885 1142 2934 esse.

55 2977 201 3051 Accedit
221 2975 326 3078 quod
345 2980 490 3070 Cicero,
516 3003 577 3078 qur
568 2978 679 3054 loeo
698 2971 966 3078 supralaudato
987 2987 1144 3056 Cranto·-

55 3105 104 3174 ris
128 3101 238 3175 verba
261 3105 380 3196 vertit,
405 3100 515 3175 multa
537 3104 655 3175 omisit
679 3129 774 3202 quae
795 3104 893 3208 apud
917 3105 1143 3180 Plutarchum

55 3239 154 3317 sunt3
184 3251 301 3324 neque
323 3227 491 3299 assentior
512 3225 783 3323 Wyttenbachio
806 3229 872 3327 qui
894 3227 929 3304 h.
946 3230 970 3306 l.
993 3233 1144 3303 Cicero·-

50 3359 141 3421 ‘nem
166 3349 276 3421 verba
297 3345 471 3446 quaedam
494 3352 672 3423 Crantoris
694 3353 854 3423 omisisse
878 3369 985 3451 putat.
1036 3355 1145 3456 Opti-

57 3495 138 3544 mus
165 3473 258 3544 enim
283 3469 478 3544 verborum
505 3495 614 3544 nexus
642 3475 788 3569 exsistit,
819 3478 849 3548 si
876 3493 959 3574 post
984 3475 1050 3568 ἔξω
1071 3489 1146 3555 τοῦ

59 3596 230 3672 δυνατοῦ
238 3603 301 3672 καὶ
312 3606 386 3672 τοῦ
398 3601 664 3730 σορφέροιτος
675 3598 798 3675 οὖσαν
816 3601 930 3673 statim
945 3599 1144 3698 pergimus·

36 3883 38 3888 .
139 3813 201 3893 17)
222 3813 307 3883 Quod
327 3811 355 3870 si
376 3827 479 3872 veruta
494 3815 555 3888 eat,
578 3829 615 3871 ex
635 3815 692 3874 trau
712 3828 829 3888 quoquo
849 3831 884 3875 re
904 3816 1029 3894 videas,
1048 3831 1145 3891 quaa-

57 3885 120 3970 tam
148 3913 332 3970 acrantore
359 3909 490 3973 abluerit
510 3910 618 3970 Oioero
646 3911 678 3972 in
701 3914 883 3974 Tusculanis
905 3917 1145 3990 quaestionem

59 4023 150 4086 quun
165 4009 242 4070 caira
256 4012 384 4070 crantor
404 4008 492 4070 enimi
512 3993 710 4084 permotiones
731 4013 840 4072 homini
861 4013 951 4073 attteu
965 4032 1034 4078 eree
1052 4016 1146 4088 dicut,

60 4111 168 4170 cicero
190 4109 278 4182 utana
299 4108 449 4172 conando
469 4109 571 4173 nonsit.
614 4113 703 4172 anso.
725 4112 788 4186 lv,
813 4113 852 4175 19
873 4129 936 4190 sqq.
