2796 4866
211 209 326 280 ’λλ

282 411 376 500 μυός
397 375 680 498 ἐπανάγεινίιαὶ
704 399 877 492 μείζονος
899 408 1035 475 ποιεῖν.
1083 397 1184 478 Ἔδει
1207 405 1274 494 μὲν
1298 406 1366 502 γὰρ

281 527 412 633 ἐφεξῆς
442 519 604 620 ἐπόγδοα
634 523 809 618 γίνεσθαι
831 517 921 608 δύο,
957 531 1023 608 τῆς
1049 519 1087 596 δὲ
1111 520 1241 612 ἑξάδος
1274 523 1365 600 odas

283 652 450 724 αὐτόθεν
476 645 657 744 ἐπόγδοον
681 651 863 740 ἐχούσης,
896 645 971 722 εἴτε
996 650 1198 740 τέμνοιτο,
1231 675 1365 748 κερμα-

283 776 484 868 τιζομένων
503 773 553 856 εἰς
574 774 689 869 μόρια
708 779 780 848 τόν
801 765 993 864 μονάδων,
1020 767 1280 868 δυςὲιορήτοο
1303 779 1367 856 τῆς

161 919 167 936 ·
283 903 478 993 μαθήσεως
499 899 695 988 ἐσομένης,
724 894 886 967 αὐτότὸ
905 902 1060 987 πράγμοι
1077 895 1147 966 τόν
1167 898 1366 968 πολυπλα·

282 1021 451 1114 σιασμὸν
471 1021 741 1119 ὑπηγόρευσεν,
766 1016 886 1120 οἵσπερ
907 1019 945 1091 ἐν
968 1020 1151 1118 ἁρμονικῇ
1169 1019 1367 1114 μεταβολῇ

238 1188 242 1196 =
281 1154 354 1219 τοῦ
369 1138 653 1241 διαγράμματος
670 1137 765 1212 ὅλου
783 1143 1141 1238 συνεπιτεινομέγοο
1158 1148 1211 1236 τῷ
1230 1143 1365 1238 πρώτῳ

281 1279 356 1342 τόν
378 1269 558 1368 ἀριθμόν.
611 1268 649 1340 Ὁ
670 1265 736 1356 μὲν
758 1261 827 1354 οὖν
851 1257 1021 1363 Εόδαρος
1042 1266 1361 1347 ἐπακολουθήσας

283 1392 511 1496 Κράντορι
530 1395 677 1486 πρῶτον
697 1383 808 1483 ἔλαβε
827 1389 896 1460 τόν
914 1380 998 1458 τπδ’
1016 1384 1134 1475 (384)
1156 1381 1196 1470 tq
1215 1383 1362 1481 γίνεται

278 1520 352 1586 τοῦ
368 1508 405 1598 ἓξ
422 1515 482 1586 ἐπὶ
502 1512 552 1586 τόι
574 1504 626 1596 ξδ’
646 1509 735 1598 (64)
756 1511 1206 1591 πολλαπλασιασθέντος,

353 1631 472 1706 Verba
494 1628 646 1704 Platonis
671 1654 692 1707 a
714 1627 902 1708 Plutarcho
926 1617 965 1702 hg
987 1625 1009 1700 l.
1036 1630 1135 1705 citata
1160 1627 1265 1705 nobis
1292 1628 1361 1703 dc-

278 1753 434 1828 scribuot
455 1751 637 1852 quomodo
657 1767 795 1832 creator
810 1755 946 1854 animae
961 1749 1160 1830 mundanae
1175 1753 1280 1827 simul
1297 1778 1363 1825 ae-

186 1921 190 1928 ·
273 1876 481 1986 'qualitatem
504 1893 538 1950 et
560 1877 758 1954 varietatem
780 1880 845 1987 (ed
866 1880 994 1976 ἀμερὲς
1016 1879 1078 1952 καὶ
1095 1882 1141 1965 τό
1158 1881 1361 1979 μεριστόν)

276 2001 516 2101 impertiverit.
566 1996 607 2068 Id
624 2000 693 2094 iarn
714 1995 990 2096 al'ythagoricis
1012 1999 1278 2097 comparatione
1302 2004 1361 2072 in-

276 2137 554 2214 strumentorum
583 2123 796 2198 musicorum
828 2119 1102 2202 demonstratum
1131 2121 1238 2198 tuisse
1266 2147 1385 2208 con-4

275 2261 361 2342 stam
386 2269 428 2318 ac
448 2241 655 2342 siuc,dubio
676 2242 857 2346 praeclare
879 2244 1090 2342 exprimitur
1109 2268 1229 2316 rerum
1248 2269 1360 2318 mun-

225 2431 227 2436 .
278 2367 453 2450 danorum
480 2365 663 2462 diversitas
694 2379 727 2438 et
751 2381 944 2460 concentus
967 2367 1119 2464 imagine
1145 2363 1362 2440 chordarum

276 2495 504 2584 musicarum,
531 2513 622 2587 quae
645 2515 752 2585 quum
772 2487 932 2586 singulae
952 2487 1115 2560 diversos
1133 2490 1220 2558 inter
1235 2509 1273 2558 se
1295 2511 1360 2560 so·

276 2637 343 2696 noa
368 2612 535 2704 reddant,
566 2615 682 2684 iuncta
711 2610 882 2704 optimam
910 2605 1083 2702 praebent
1110 2602 1357 2688 harmoniam:

275 2735 386 2810 modo
408 2739 450 2824 ii,
483 2739 547 2836 qui
566 2733 868 2832 comparationem
889 2728 986 2820 illam
1010 2734 1191 2817 invenere,
1225 2735 1358 2808 memi-

272 2862 422 2949 nissent,
448 2857 539 2931 hanc
559 2851 790 2930 solummodo
811 2854 1001 2954 imaginem
1025 2853 1121 2941 veri,
1146 2878 1217 2926 non
1240 2855 1355 2952 ipsum

273 3008 397 3079 verum
420 3006 543 3070 esse.¹

347 3102 571 3196 Chordarum
590 3103 678 3173 ratio
698 3099 803 3176 nobis
824 3124 913 3180 nuuc
933 3095 1124 3177 dilucidius
1145 3100 1355 3198 exponenda

272 3244 346 3328 est3
372 3252 465 3326 quae
486 3227 577 3296 euim
598 3222 797 3297 Boeckhius
818 3248 862 3319 ea
881 3219 927 3297 de
942 3220 1145 3316 rcfldoctius
1165 3219 1356 3324 disputavit

159 3408 164 3424 ,
269 3352 306 3440 in
321 3349 486 3452 Crcuzeri
505 3362 538 3420 et
554 3346 686 3439 Daubii
708 3334 836 3421 Studiis
856 3347 932 3440 (ΙΙΙ.
952 3350 1020 3444 p.l
1044 3347 1161 3444 ειμι),
1183 3345 1355 3436 eiusmodi

268 3471 327 3564 illa
342 3486 420 3544 sunt
439 3486 477 3546 ut
495 3497 516 3551 a
536 3473 660 3574 paucis
675 3467 821 3568 intelligi
840 3485 989 3566 queant,
1012 3493 1135 3564 neque
1155 3467 1202 3540 ab
1220 3469 1261 3541 iis
1279 3471 1353 3542 sine

268 3595 391 3696 aliquo
416 3594 568 3690 labore„
613 3598 736 3677 Nostra
757 3595 862 3692 igitur
884 3589 1068 3690 explicatio
1092 3593 1121 3664 si
1146 3593 1204 3664 cui
1226 3592 1350 3693 paullo

151 3785 155 3792 .
269 3717 412 3816 longior
430 3717 611 3814 rideatur,
630 3721 659 3790 is
681 3717 896 3805 meminerit,
918 3740 993 3790 rem
1016 3739 1124 3812 quam
1141 3714 1351 3811 explicamus

268 3843 331 3916 nisi
357 3839 524 3938 pluribus
545 3834 673 3940 exponi
697 3865 767 3912 uon
789 3863 906 3940 posse.

340 3965 494 4053 Primum
515 3965 616 4062 igitur
635 3977 758 4052 notum
779 3977 848 4052 est,
873 3958 1004 4036 scalam
1020 3985 1194 4036 sonorum
1214 3978 1350 4061 septem

264 4088 357 4164 sonis
378 4101 538 4160 constare
556 4109 698 4186 semper
717 4083 964 4172 redeuntibus,
999 4086 1044 4156 itu
1065 4099 1100 4156 ut
1125 4085 1237 4160 modo
1261 4110 1349 4182 gra-
